%  The main bibliography file where every resource
%  from every document is kept. Just reference
%  whatever you need in the tex document itself.


@misc{plagiarism,
    author = {David Davenport \& Derya Davenport},
    howpublished = {\url{http://www.cs.bilkent.edu.tr/~david/plagiarism/}},
    title = {The Short Guide to Avoiding Plagiarism},
    note = {Last visited: 21/02/2021},
}


@misc{note1,
    author = {David Davenport},
    title = {David's Note 1},
    note = {Reference books and journals by providing sufficient information about the source so that someone can easily find it. Include: title, author, journal, publisher \& publication date (page no’s too, if applicable.)},
}

@misc{note2,
    author = {David Davenport},
    title = {David's Note 2},
    note = {Reference web-based resources by giving their title, author, URL and date (posted \& visited.)},
}

% Codewars paper
@article{RestrepoCalle2018,
    doi = {10.1002/cae.22058},
    url = {https://doi.org/10.1002/cae.22058},
    year = {2018},
    month = sep,
    publisher = {Wiley},
    volume = {27},
    number = {1},
    pages = {80--89},
    author = {Felipe Restrepo-Calle and Jhon J. Ram{\'{\i}}rez Echeverry and Fabio A. Gonz{\'{a}}lez},
    title = {Continuous assessment in a computer programming course supported by a software tool},
    journal = {Computer Applications in Engineering Education}
}

@inproceedings{RestrepoCalle2018-2,
    doi = {10.21125/edulearn.2018.1632},
    url = {https://doi.org/10.21125/edulearn.2018.1632},
    year = {2018},
    month = jul,
    publisher = {{IATED}},
    author = {Felipe Restrepo-Calle and Jhon Jairo Ram{\'{\i}}rez-Echeverry and Fabio A. Gonzalez},
    title = {{UNCODE}: {INTERACTIVE} {SYSTEM} {FOR} {LEARNING} {AND} {AUTOMATIC} {EVALUATION} {OF} {COMPUTER} {PROGRAMMING} {SKILLS}},
    booktitle = {{EDULEARN}18 Proceedings}
}

@unknown{Jain2020,
    author = {Jain, Dr and Consulting, Jupitor It And Research},
    year = {2020},
    month = {11},
    pages = {},
    title = {Automation Testing in DevOps}
}

@Inbook{Fenton2018,
    author="Fenton, Steve",
    title="Automated Testing",
    bookTitle="Pro TypeScript: Application-Scale JavaScript Development",
    year="2018",
    publisher="Apress",
    address="Berkeley, CA",
    pages="245--256",
    abstract="My definition of an expert in any field is a person who knows enough about what's really going on to be scared.",
    isbn="978-1-4842-3249-1",
    doi="10.1007/978-1-4842-3249-1_10",
    url="https://doi.org/10.1007/978-1-4842-3249-1_10"
}

@article{Thiebaut2015,
    author = {Thi\'{e}baut, Dominique},
    title = {Automatic Evaluation of Computer Programs Using Moodle's Virtual Programming Lab (VPL) Plug-In},
    year = {2015},
    issue_date = {June 2015},
    publisher = {Consortium for Computing Sciences in Colleges},
    address = {Evansville, IN, USA},
    volume = {30},
    number = {6},
    issn = {1937-4771},
    journal = {J. Comput. Sci. Coll.},
    month = jun,
    pages = {145–151},
    numpages = {7}
}

@inproceedings{Nogueira2011,
  title={Automatic Evaluation of Programming Projects},
  author={Aguiar Nogueira and D. Jos and Carlos Monteiro and D. Jo and Carlos Serrenho and Dias Pereira},
  year={2011}
}

@InProceedings{Mandal2007,
    author="Mandal, Amit Kumar
    and Mandal, Chittaranjan
    and Reade, Chris",
    editor="Filipe, Joaquim
    and Cordeiro, Jos{\'e}
    and Pedrosa, Vitor",
    title="A System for Automatic Evaluation of Programs for Correctness and Performance",
    booktitle="Web Information Systems and Technologies",
    year="2007",
    publisher="Springer Berlin Heidelberg",
    address="Berlin, Heidelberg",
    pages="367--380",
    isbn="978-3-540-74063-6"
}

% Survey paper
@article{Kirsti2005,
    author = {Ala-Mutka, Kirsti},
    year = {2005},
    month = {06},
    pages = {83-102},
    title = {A Survey of Automated Assessment Approaches for Programming Assignments},
    volume = {15},
    journal = {Computer Science Education},
    doi = {10.1080/08993400500150747}
}


@article{Gordillo2019,
    AUTHOR = {Gordillo, Aldo},
    TITLE = {Effect of an Instructor-Centered Tool for Automatic Assessment of Programming Assignments on Students’ Perceptions and Performance},
    JOURNAL = {Sustainability},
    VOLUME = {11},
    YEAR = {2019},
    NUMBER = {20},
    ARTICLE-NUMBER = {5568},
    URL = {https://www.mdpi.com/2071-1050/11/20/5568},
    ISSN = {2071-1050},
    DOI = {10.3390/su11205568}
}

@inbook{Faber2020,
    author = {Faber, Frank},
    year = {2020},
    month = {01},
    pages = {27-38},
    title = {Testing in DevOps},
    isbn = {978-3-030-29508-0},
    doi = {10.1007/978-3-030-29509-7_3}
}